<?xml version="1.0" encoding="UTF-8"?><record xmlns="http://www.loc.gov/MARC21/slim" xmlns:cinclude="http://apache.org/cocoon/include/1.0" xmlns:zs="http://www.loc.gov/zing/srw/">
  <leader>00529cz  a2200133n  4500</leader>
  <controlfield tag="001">n 2010214180</controlfield>
  <controlfield tag="003">DLC</controlfield>
  <controlfield tag="005">20110820075049.0</controlfield>
  <controlfield tag="008">110819n| acannaabn          |a ana      </controlfield>
  <datafield tag="010" ind1=" " ind2=" ">
    <subfield code="a">n 2010214180</subfield>
  </datafield>
  <datafield tag="040" ind1=" " ind2=" ">
    <subfield code="a">DLC</subfield>
    <subfield code="b">eng</subfield>
    <subfield code="c">DLC</subfield>
  </datafield>
  <datafield tag="110" ind1="2" ind2=" ">
    <subfield code="a">Tamilnadu Peoples' Forum for Social Development</subfield>
  </datafield>
  <datafield tag="410" ind1="2" ind2=" ">
    <subfield code="a">Tamil Nadu Peoples' Forum for Social Development</subfield>
  </datafield>
  <datafield tag="670" ind1=" " ind2=" ">
    <subfield code="a">Social development of dalits and Tamilnadu Govt. budget, 200?:</subfield>
    <subfield code="b">t.p. (Tamilnadu Peoples' Forum for Social Development) cover (Tamil Nadu Peoples' Forum for Social Development)</subfield>
  </datafield>
</record>